<?xml version="1.0" encoding="UTF-8"?>
<PaymentInterchange_2_1 xmlns="http://pay.cs.csg.com/gpp/services/PaymentInterchange_2_1">
	<BankName>Credit Suisse AG Client Side</BankName>
	<BankGroupId>Credit Suisse Group</BankGroupId>
	<ExchConExtId>DIRECTNET_IN_PAIN1_SIC</ExchConExtId>
	<Payload>
    <Document xmlns="http://www.six-interbank-clearing.com/de/pain.001.001.03.ch.02.xsd" xmlns:xsi="http://www.w3.org/2001/XMLSchema-instance" xsi:schemaLocation="http://www.six-interbank-clearing.com/de/pain.001.001.03.ch.02.xsd  pain.001.001.03.ch.02.xsd">
      <CstmrCdtTrfInitn>
				<GrpHdr>
					<MsgId>FF-PAIN001-1235-Msg-150130091120</MsgId>
					<CreDtTm>2015-03-20T04:00:00</CreDtTm>
					<NbOfTxs>1</NbOfTxs>
					<CtrlSum>5.5</CtrlSum>
					<InitgPty>
						<Nm>MUSTER</Nm>
					</InitgPty>
				</GrpHdr>
				<PmtInf>
					<PmtInfId>FF-PAIN001-1235-PmtInf-150130091120</PmtInfId>
					<PmtMtd>TRA</PmtMtd>
					<BtchBookg>true</BtchBookg>
					<NbOfTxs>1</NbOfTxs>
					<CtrlSum>5.5</CtrlSum>
					<PmtTpInf>
						<InstrPrty>NORM</InstrPrty>
						<LclInstrm>
							<Prtry>CH03</Prtry>
						</LclInstrm>
					</PmtTpInf>
					<ReqdExctnDt>2015-03-20</ReqdExctnDt>
					<Dbtr>
						<Id>
							<OrgId>
								<BICOrBEI>CRESCHZZ80A</BICOrBEI>
							</OrgId>
						</Id>
					</Dbtr>
					<DbtrAcct>
						<Id>
							<IBAN>CH7904835834658072000</IBAN>
						</Id>
						<Tp>
							<Prtry>CWD</Prtry>
						</Tp>
						<Ccy>EUR</Ccy> 
					</DbtrAcct>
					<DbtrAgt>
						<FinInstnId>
							<BIC>CRESCHZZ80A</BIC>
						</FinInstnId>
					</DbtrAgt>
					<ChrgBr>DEBT</ChrgBr>
					<ChrgsAcct>
						<Id>
							<IBAN>DE47100100001234567890</IBAN>
						</Id>
						<Ccy>EUR</Ccy>
					</ChrgsAcct>
					<CdtTrfTxInf>
						<PmtId>
							<EndToEndId>FF-PAIN001-1235T1-E2E-150130091120</EndToEndId>
						</PmtId>
						<Amt>
							<InstdAmt Ccy="EUR">5.5</InstdAmt>
						</Amt>
						<CdtrAgt>
							<FinInstnId>
								<BIC>ESPCESMMXXX</BIC><!-- CRESCHZZ80A,ESPCESMMXXX -->
							</FinInstnId>
						</CdtrAgt>
						<Cdtr>
							<Nm>ABCDER</Nm>
						</Cdtr>	  
						<CdtrAcct>
							<Id>
								<Othr>									
									<Id>ES1900303389778901234557</Id><!-- CH3404835838490472000,ES1900303389778901234557, 300134569 -->
								</Othr>   
							</Id>
						</CdtrAcct>
						<RmtInf>
							<Strd>
								<CdtrRefInf>
									<Tp>
										<CdOrPrtry>
											<Prtry>IPI</Prtry>
										</CdOrPrtry>
									</Tp>
									<Ref>5400000567812F48K012</Ref>
								</CdtrRefInf>
							</Strd>
						</RmtInf>
					</CdtTrfTxInf>
				</PmtInf>
			</CstmrCdtTrfInitn>
		</Document>
	</Payload>
</PaymentInterchange_2_1>